% 厚生労働省 ポスター
@Misc{ministry,
 author = "Prime Minister's Office Of Japan",
 title = {密 - 首相官邸},
 howpublished = {"\url{https://www.kantei.go.jp/jp/content/000062771.pdf}"，（2021年8月23日閲覧）}
}
